@book{compiladores,
	author = {Aho, V. A. and Sethi, R. and Ullman, J. D.},
	title = {Compilers: Principles, Techniques, and Tools},
	year = {1986},
	language = {English},
	edition = {1st},
	publisher = {Addison Wesley},
	isbn = {0201100886},
	pagetotal = {796},
}

@MISC{UACM,
	AUTHOR = {UACM},
	TITLE = {{Maestr√≠a en Ciencias de la Complejidad}},
	PUBLISHER = {UACM},
	YEAR = {2018},	
	howpublished = "\url{http://complejidad.uacm.edu.mx/index.php/sintesis-del-plan-de-estudios}", 
	note  = "[Consultado: 2018-08-29]",
}
@MISC{MORELOS,
	AUTHOR = {El Colegio de Morelos},
	TITLE = {{Centro de Estudios de la Complejidad}},
	PUBLISHER = {El Colegio de Morelos},
	YEAR = {2018},	
	howpublished = "\url{https://elcolegiodemorelos.edu.mx/centro-de-estudios-de-la-complejidad/}", 
	note  = "[Consultado: 2018-08-29]",
}
